<?xml version="1.0"?>
<marc:collection xmlns:marc="http://www.loc.gov/MARC21/slim" xmlns:xsi="http://www.w3.org/2001/XMLSchema-instance" xsi:schemaLocation="http://www.loc.gov/MARC21/slim http://www.loc.gov/standards/marcxml/schema/MARC21slim.xsd">
   <marc:record type="Bibliographic">
      <marc:leader>01473cam a2200361Ia 4500</marc:leader>
      <marc:controlfield tag="001">4133356</marc:controlfield>
      <marc:controlfield tag="003">NjP</marc:controlfield>
      <marc:controlfield tag="005">20140624105218.0</marc:controlfield>
      <marc:controlfield tag="008">940518s1967    ir            000 0 arard</marc:controlfield>
      <marc:datafield tag="024" ind1="7" ind2=" ">
         <marc:subfield code="a">princeton_aco000067</marc:subfield>
         <marc:subfield code="2">local</marc:subfield>
      </marc:datafield>
      <marc:datafield tag="035" ind1=" " ind2=" ">
         <marc:subfield code="a">(OCoLC)ocn179647480</marc:subfield>
      </marc:datafield>
      <marc:datafield tag="035" ind1=" " ind2=" ">
         <marc:subfield code="a">(OCoLC)ocm30457491</marc:subfield>
      </marc:datafield>
      <marc:datafield tag="040" ind1=" " ind2=" ">
         <marc:subfield code="a">OSU</marc:subfield>
         <marc:subfield code="c">PUL</marc:subfield>
         <marc:subfield code="d">PUL</marc:subfield>
      </marc:datafield>
      <marc:datafield tag="066" ind1=" " ind2=" ">
         <marc:subfield code="c">(3</marc:subfield>
         <marc:subfield code="c">(4</marc:subfield>
      </marc:datafield>
      <marc:datafield tag="035" ind1=" " ind2=" ">
         <marc:subfield code="a">(OCoLC)179647480</marc:subfield>
      </marc:datafield>
      <marc:datafield tag="035" ind1=" " ind2=" ">
         <marc:subfield code="a">(NjP)4133356</marc:subfield>
      </marc:datafield>
      <marc:datafield tag="041" ind1="0" ind2=" ">
         <marc:subfield code="a">araper</marc:subfield>
      </marc:datafield>
      <marc:datafield tag="079" ind1=" " ind2=" ">
         <marc:subfield code="a">ocm30457491</marc:subfield>
      </marc:datafield>
      <marc:datafield tag="090" ind1=" " ind2=" ">
         <marc:subfield code="a">PJ6636.P4</marc:subfield>
         <marc:subfield code="b">M3 1967</marc:subfield>
      </marc:datafield>
      <marc:datafield tag="049" ind1=" " ind2=" ">
         <marc:subfield code="a">PULL</marc:subfield>
      </marc:datafield>
      <marc:datafield tag="100" ind1="1" ind2=" ">
         <marc:subfield code="6">880-01</marc:subfield>
         <marc:subfield code="a">Mayda&#x304;ni&#x304;, Ah&#x323;mad ibn Muh&#x323;ammad,</marc:subfield>
         <marc:subfield code="d">-1124.</marc:subfield>
      </marc:datafield>
      <marc:datafield tag="245" ind1="1" ind2="3">
         <marc:subfield code="6">880-02</marc:subfield>
         <marc:subfield code="a">al-Sa&#x304;mi&#x304; fi&#x304; al-asa&#x304;mi&#x304; /</marc:subfield>
         <marc:subfield code="c">az Abu&#x304; al-Fath&#x323; Ah&#x323;mad ibn Muh&#x323;ammad al-Mayda&#x304;ni&#x304;.</marc:subfield>
      </marc:datafield>
      <marc:datafield tag="260" ind1=" " ind2=" ">
         <marc:subfield code="6">880-03</marc:subfield>
         <marc:subfield code="a">[Tehran] :</marc:subfield>
         <marc:subfield code="b">Bunya&#x304;d-i Farhang-i I&#x304;ra&#x304;n,</marc:subfield>
         <marc:subfield code="c">1345 [1967]</marc:subfield>
      </marc:datafield>
      <marc:datafield tag="300" ind1=" " ind2=" ">
         <marc:subfield code="a">543 p. ;</marc:subfield>
         <marc:subfield code="c">25 cm.</marc:subfield>
      </marc:datafield>
      <marc:datafield tag="440" ind1=" " ind2="0">
         <marc:subfield code="6">880-04</marc:subfield>
         <marc:subfield code="a">Farhang&#x2B9;ha&#x304;-yi ta&#x304;zi&#x304; bih Pa&#x304;rsi&#x304; ;</marc:subfield>
         <marc:subfield code="v">1</marc:subfield>
      </marc:datafield>
      <marc:datafield tag="440" ind1=" " ind2="0">
         <marc:subfield code="6">880-05</marc:subfield>
         <marc:subfield code="a">Intisha&#x304;ra&#x304;t-i Bunya&#x304;d-i Farhang-i I&#x304;ra&#x304;n ;</marc:subfield>
         <marc:subfield code="v">15</marc:subfield>
      </marc:datafield>
      <marc:datafield tag="650" ind1=" " ind2="0">
         <marc:subfield code="a">Arabic language</marc:subfield>
         <marc:subfield code="v">Dictionaries</marc:subfield>
         <marc:subfield code="x">Persian.</marc:subfield>
      </marc:datafield>
      <marc:datafield tag="880" ind1="1" ind2=" ">
         <marc:subfield code="6">100-01/(3/r</marc:subfield>
         <marc:subfield code="a">&#x645;&#x64A;&#x62F;&#x627;&#x646;&#x64A;&#x60C; &#x627;&#x62D;&#x645;&#x62F; &#x628;&#x646; &#x645;&#x62D;&#x645;&#x62F;&#x60C;</marc:subfield>
         <marc:subfield code="d">-1124.</marc:subfield>
      </marc:datafield>
      <marc:datafield tag="880" ind1="1" ind2="2">
         <marc:subfield code="6">245-02/(3/r</marc:subfield>
         <marc:subfield code="a">&#x627;&#x644;&#x633;&#x627;&#x645;&#x64A; &#x641;&#x64A; &#x627;&#x644;&#x627;&#x633;&#x627;&#x645;&#x64A; /</marc:subfield>
         <marc:subfield code="c">&#x627;&#x632; &#x627;&#x628;&#x648; &#x627;&#x644;&#x641;&#x62A;&#x62D; &#x627;&#x62D;&#x645;&#x62F; &#x628;&#x646; &#x645;&#x62D;&#x645;&#x62F; &#x627;&#x644;&#x645;&#x64A;&#x62F;&#x627;&#x646;&#x64A;.</marc:subfield>
      </marc:datafield>
      <marc:datafield tag="880" ind1=" " ind2=" ">
         <marc:subfield code="6">260-03/(3/r</marc:subfield>
         <marc:subfield code="a">[&#x637;&#x647;&#x631;&#x627;&#x646;] :</marc:subfield>
         <marc:subfield code="b">&#x628;&#x646;&#x649;&#x627;&#x62F; &#x641;&#x631;&#x647;&#x646;&#x6AF; &#x627;&#x64A;&#x631;&#x627;&#x646;&#x60C;</marc:subfield>
         <marc:subfield code="c">1345 [1967]</marc:subfield>
      </marc:datafield>
      <marc:datafield tag="880" ind1=" " ind2="0">
         <marc:subfield code="6">440-04/(3/r</marc:subfield>
         <marc:subfield code="a">&#x641;&#x631;&#x647;&#x646;&#x6AF;&#x200C;&#x627;&#x649; &#x62A;&#x627;&#x632;&#x649; &#x628;&#x647; &#x67E;&#x627;&#x631;&#x633;&#x649; &#x61B;</marc:subfield>
         <marc:subfield code="v">1</marc:subfield>
      </marc:datafield>
      <marc:datafield tag="880" ind1=" " ind2="0">
         <marc:subfield code="6">440-05/(3/r</marc:subfield>
         <marc:subfield code="a">&#x627;&#x646;&#x62A;&#x634;&#x627;&#x631;&#x627;&#x62A; &#x628;&#x646;&#x649;&#x627;&#x62F; &#x641;&#x631;&#x647;&#x646;&#x6AF; &#x627;&#x64A;&#x631;&#x627;&#x646; &#x61B;</marc:subfield>
         <marc:subfield code="v">15</marc:subfield>
      </marc:datafield>
      <marc:datafield tag="902" ind1=" " ind2=" ">
         <marc:subfield code="a">jab</marc:subfield>
         <marc:subfield code="b">r</marc:subfield>
         <marc:subfield code="7">m</marc:subfield>
         <marc:subfield code="d">v</marc:subfield>
         <marc:subfield code="f">0</marc:subfield>
         <marc:subfield code="e">20040311</marc:subfield>
      </marc:datafield>
      <marc:datafield tag="994" ind1=" " ind2=" ">
         <marc:subfield code="a">C0</marc:subfield>
         <marc:subfield code="b">PUL</marc:subfield>
      </marc:datafield>
      <marc:datafield tag="999" ind1=" " ind2=" ">
         <marc:subfield code="a">4133356</marc:subfield>
      </marc:datafield>
   </marc:record>
</marc:collection>
